% Encoding: UTF-8

@Book{Meier:Globalisierung,
  author    = {Meier, Johann},
  title     = {Globalisierung},
  year      = {2011},
  publisher = {Pons},
  location  = {Wiesbaden},
}

@WWW{WWW:MenschlicherEinflussKlima,
  author  = {Beuermann, Christiane},
  editor  = {{Bundeszentrale für politische Bildung}},
  title   = {Die Entdeckung des menschlichen Einflusses auf das Klima},
  year    = {2013},
  url     = {http://www.bpb.de/gesellschaft/umwelt/klimawandel/38444/entdeckung-des-menschlichen-einflusses},
  urldate = {2014-12-17},
}

@Misc{Norm:ONR12658:2013,
  author = {{ONR 12658:2013}},
  title  = {Empfehlungen zum Zitieren von Informationsquellen und Anleitungen zur Gestaltung von Literatur- und anderen Quellennachweisen in wissenschaftlichen Arbeiten},
}

@InBook{Lehrndorfer:KontrollierteSprache,
  author     = {Anne Lehrndorfer and Ursula Reuther},
  title      = {Kontrollierte Sprache – standardisierte Sprache?},
  booktitle  = {Standardisierungsmethoden für die Technische Dokumentation},
  year       = {2008},
  bookauthor = {Muthig, Jürgen},
  publisher  = {Schmidt-Römhild},
  location   = {Lübeck},
  pages      = {97--121},
}

@Book{Karmasin:GestaltungWissenschaftlicherArbeiten,
  author    = {Matthias Karmasin and Rainer Ribing},
  title     = {Die Gestaltung wissenschaftlicher Arbeiten},
  year      = {2011},
  edition   = {6. Aufl.},
  publisher = {facultas.wuv},
  location  = {Wien},
  pagetotal = {168},
  ean       = {9783825248222},
}

@Misc{Norm:ISO690:2010,
  author = {{ISO 690:2010}},
  title  = {Information and documentation -- Guidelines for bibliographic references and citations to information resources},
}

@Article{Schulz:NormPraxis,
  author       = {Matthias Schulz},
  title        = {Doku-Norm in der Praxis},
  journaltitle = {technische kommunikation},
  year         = {2014},
  volume       = {36},
  number       = {6},
  pages        = {46--49},
}

@Comment{jabref-meta: databaseType:biblatex;}
